@article{george2008fuzzy,
  title={Fuzzy sets and fuzzy logic, theory and applications},
  author={GEORGE J, KLIR and Bo, Yuan},
  journal={-},
  year={2008}
}

@article{barros2010bassanezi,
  title={e Bassanezi, RC “T{\'o}picos de L{\'o}gica Fuzzy e Biomatem{\'a}tica”},
  author={Barros, LC},
  journal={Primeira edi{\c{c}}{\~a}o. Cole{\c{c}}{\~a}o IMECC Textos Did{\'a}ticos},
  volume={5},
  year={2010}
}


@article{baczynski2004residual,
  title={Residual implications revisited. Notes on the Smets--Magrez theorem},
  author={Baczy{\'n}ski, Micha{\l}},
  journal={Fuzzy Sets and Systems},
  volume={145},
  number={2},
  pages={267--277},
  year={2004},
  publisher={Elsevier}
}


@book{baczynski2008introduction,
  title={An Introduction to Fuzzy Implications},
  author={Baczy{\'n}ski, Micha{\l} and Jayaram, Balasubramaniam},
  year={2008},
  publisher={Springer}
}

@article{balasubramaniam2007yager,
  title={Yager?s new class of implications J f and some classical tautologies},
  author={Balasubramaniam, J},
  journal={Information Sciences},
  volume={177},
  number={3},
  pages={930--946},
  year={2007},
  publisher={Elsevier}
}


@book{mendel2001uncertain,
  title={Uncertain rule-based fuzzy logic systems: introduction and new directions},
  author={Mendel, Jerry M},
  year={2001},
  publisher={Prentice Hall PTR Upper Saddle River}
}
@article{rizol2011logica,
  title={L{\'o}gica Fuzzy Tipo-2},
  author={Rizol, PMS and Mesquita, Leonardo and Saotome, Osamu},
  journal={Revista Sodebras},
  volume={6},
  pages={27--46},
  year={2011}
}

@article{howell1998simjava,
  title={SimJava: A discrete event simulation library for java},
  author={Howell, Fred and McNab, Ross},
  journal={Simulation Series},
  volume={30},
  pages={51--56},
  year={1998},
  publisher={Citeseer}
}

@misc{Klir2005,
  title={Uncertainty and Information: Foundations of Generalized Information Theory},
  author={Klir, George J},
  publisher={Wiley-Interscience Malden, USA},
  year={2005}
}

@article{xu2006some,
  title={Some geometric aggregation operators based on intuitionistic fuzzy sets},
  author={Xu, Zeshui and Yager, Ronald R},
  journal={International journal of general systems},
  volume={35},
  number={4},
  pages={417--433},
  year={2006},
  publisher={Taylor \& Francis}
}

@article{bustince2013generation,
  title={Generation of linear orders for intervals by means of aggregation functions},
  author={Bustince, H and Fern{\'a}ndez, Javier and Koles{\'a}rov{\'a}, Anna and Mesiar, Radko},
  journal={Fuzzy Sets and Systems},
  volume={220},
  pages={69--77},
  year={2013},
  publisher={Elsevier}
}

@article{zapata2017interval,
  title={Interval-valued implications and interval-valued strong equality index with admissible orders},
  author={Zapata, Hugo and Bustince, Humberto and Montes, Susana and Bedregal, B and Dimuro, Gra{\c{c}}aliz Pereira and Tak{\'a}{\v{c}}, Z and Baczy{\'n}ski, M and Fern{\'a}ndez, Javier},
  journal={International Journal of Approximate Reasoning},
  volume={88},
  pages={91--109},
  year={2017},
  publisher={Elsevier}
}

@BOOK{Moore:1979:MAI,
  Address =	 {Philadelphia, PA, USA},
  Author =	 {Moore, R. E.},
  Pages =	 {xi + 190},
  Publisher =	 {Society for Industrial and Applied Mathematics},
  Title =	 {Methods and Applications of Interval Analysis},
  Year =	 {1979}
}

@BOOK{vonNeumann:1966:TSR,
  Author =	 {{von Neumann}, J.},
  Editor =	 {Burks, A. W.},
  Pages =	 {xix + 388},
  Title =	 {Theory of Self-Reproducing Automata},
  Year =	 {1966}
}

@MastersThesis{Aguiar:2005,
   author =       "Marilton Aguiar",
   title =        "Título da Monografia",
   school =       "Centro de Desenvolvimento Tecnológico, Universidade Federal de Pelotas",
   year =         "2005",
   type =         "Trabalho de Conclusão (Curso de Ciência da Computação)",
   pages =        "85",
   address =      "Pelotas"}

@Book{Cormen,
  author =	"T. Cormen and C. Leiserson and R. Rivest",
  title =	"Introduction to Algorithms",
  publisher =	"{MIT} Press",
  year = 	"1990",
}

@online{society_factsheet_2012,
	title = {Factsheet 417: {The} later stages of dementia},
	url = {https://www.alzheimers.org.uk/site/scripts/documents\_info.php?documentID=101},
	abstract = {An Alzheimer's Society factsheet on the later stages of dementia.},
	urldate = {2016-11-13},
	author = {Society, Alzheimer's},
	month = mar,
	year = {2012}
}

@article{vaquero2008break,
  title={A break in the clouds: towards a cloud definition},
  author={Vaquero, Luis M and Rodero-Merino, Luis and Caceres, Juan and Lindner, Maik},
  journal={ACM SIGCOMM Computer Communication Review},
  volume={39},
  number={1},
  pages={50--55},
  year={2008},
  publisher={ACM}
}

@incollection{hamdaqa2012cloud,
  title={Cloud computing uncovered: a research landscape},
  author={Hamdaqa, Mohammad and Tahvildari, Ladan},
  booktitle={Advances in Computers},
  volume={86},
  pages={41--85},
  year={2012},
  publisher={Elsevier}
}

@article{holick2011evaluation,
  title={Evaluation, treatment, and prevention of vitamin D deficiency: an Endocrine Society clinical practice guideline},
  author={Holick, Michael F and Binkley, Neil C and Bischoff-Ferrari, Heike A and Gordon, Catherine M and Hanley, David A and Heaney, Robert P and Murad, M Hassan and Weaver, Connie M},
  journal={The Journal of Clinical Endocrinology \& Metabolism},
  volume={96},
  number={7},
  pages={1911--1930},
  year={2011},
  publisher={Oxford University Press}
}

@article{shehabi2016united,
  title={United states data center energy usage report},
  author={Shehabi, Arman and Smith, Sarah and Sartor, Dale and Brown, Richard and Herrlin, Magnus and Koomey, Jonathan and Masanet, Eric and Horner, Nathaniel and Azevedo, In{\^e}s and Lintner, William},
  year={2016}
}

@article{mell2011nist,
  title={The NIST definition of cloud computing},
  author={Mell, Peter and Grance, Tim and others},
  year={2011},
  publisher={Computer Security Division, Information Technology Laboratory, National~…}
}

@inproceedings{ahmed2014cloud,
  title={Cloud computing simulators: A detailed survey and future direction},
  author={Ahmed, Arif and Sabyasachi, Abadhan Saumya},
  booktitle={Advance Computing Conference (IACC), 2014 IEEE International},
  pages={866--872},
  year={2014},
  organization={IEEE}
}

@inproceedings{cloudanalyst,
  title={Cloudanalyst: A cloudsim-based visual modeller for analysing cloud computing environments and applications},
  author={Wickremasinghe, Bhathiya and Calheiros, Rodrigo N and Buyya, Rajkumar},
  booktitle={Advanced Information Networking and Applications (AINA), 2010 24th IEEE International Conference on},
  pages={446--452},
  year={2010},
  organization={IEEE}
}

@article{greencloud,
  title={GreenCloud: a packet-level simulator of energy-aware cloud computing data centers},
  author={Kliazovich, Dzmitry and Bouvry, Pascal and Khan, Samee Ullah},
  journal={The Journal of Supercomputing},
  volume={62},
  number={3},
  pages={1263--1283},
  year={2012},
  publisher={Springer}
}

 @article{zadeh1965,
  title={Fuzzy Sets},
  author={Zadeh, Lotfi A},
  journal={Information and Control},
  number={8},
  pages={338--358},
  year={1965},
}
 

@article{zadeh2008there,
  title={Is there a need for fuzzy logic?},
  author={Zadeh, Lotfi A},
  journal={Information sciences},
  volume={178},
  number={13},
  pages={2751--2779},
  year={2008},
  publisher={Elsevier}
}

@article{zadeh1975concept,
  title={The concept of a linguistic variable and its application to approximate reasoning—I},
  author={Zadeh, Lotfi Asker},
  journal={Information sciences},
  volume={8},
  number={3},
  pages={199--249},
  year={1975},
  publisher={Elsevier}
}

@inproceedings{rimal2009taxonomy,
  title={A taxonomy and survey of cloud computing systems},
  author={Rimal, Bhaskar Prasad and Choi, Eunmi and Lumb, Ian},
  booktitle={2009 Fifth International Joint Conference on INC, IMS and IDC},
  pages={44--51},
  year={2009},
  organization={Ieee}
}

@phdthesis{batista2016modelos,
  title={Modelos de neg{\'o}cio para ambientes de computa{\c{c}}{\~a}o em nuvem que consideram atributos de qos relacionados a desempenho e a seguran{\c{c}}a},
  author={Batista, Bruno Guazzelli},
  year={2016},
  school={Universidade de S{\~a}o Paulo}
}

@inproceedings{chieu2009dynamic,
  title={Dynamic scaling of web applications in a virtualized cloud computing environment},
  author={Chieu, Trieu C and Mohindra, Ajay and Karve, Alexei A and Segal, Alla},
  booktitle={2009 IEEE International Conference on e-Business Engineering},
  pages={281--286},
  year={2009},
  organization={IEEE}
}

@article{zhang2010cloud,
  title={Cloud computing: state-of-the-art and research challenges},
  author={Zhang, Qi and Cheng, Lu and Boutaba, Raouf},
  journal={Journal of internet services and applications},
  volume={1},
  number={1},
  pages={7--18},
  year={2010},
  publisher={Springer}
}

@inproceedings{hamilton2009cooperative,
  title={Cooperative expendable micro-slice servers (CEMS): low cost, low power servers for internet-scale services},
  author={Hamilton, James},
  booktitle={Conference on Innovative Data Systems Research (CIDR’09)(January 2009)},
  year={2009},
  organization={Citeseer}
}

@article{calheiros2011cloudsim,
  title={CloudSim: a toolkit for modeling and simulation of cloud computing environments and evaluation of resource provisioning algorithms},
  author={Calheiros, Rodrigo N and Ranjan, Rajiv and Beloglazov, Anton and De Rose, C{\'e}sar AF and Buyya, Rajkumar},
  journal={Software: Practice and experience},
  volume={41},
  number={1},
  pages={23--50},
  year={2011},
  publisher={Wiley Online Library}
 }
 
 @INPROCEEDINGS{MouraWCCI2018,
author={B. M. P. Moura and G. B. Schneider and A. C. Yamin and M. L. Pilla and R. H. S. Reiser},
booktitle={2018 IEEE International Conference on Fuzzy Systems (FUZZ-IEEE)},
title={Int-fGrid: BoT Tasks Scheduling Exploring Fuzzy Type-2 in Computational Grids},
year={2018},
volume={},
number={},
pages={1-8},
keywords={computational complexity;decision making;fuzzy logic;fuzzy set theory;grid computing;scheduling;computational infrastructure;decision making;dynamic behavior;grid environments;scheduler XSufferage;grid computing;NP-Hard problem;BoT tasks scheduling;fuzzy type-2 logics;Int-fGrid;computational grids;heterogeneous sources;uncertainties;SimGrid framework;GridRS architecture;Task analysis;Uncertainty;Fuzzy logic;Processor scheduling;Scheduling;Bot (Internet);Computational modeling;Fuzzy Logic;Scheduling Tasks;Grid Computing;Bag-of-Tasks},
doi={10.1109/FUZZ-IEEE.2018.8491673},
ISSN={},
month={July},}


@article{nathani2012policy,
  title={Policy based resource allocation in IaaS cloud},
  author={Nathani, Amit and Chaudhary, Sanjay and Somani, Gaurav},
  journal={Future Generation Computer Systems},
  volume={28},
  number={1},
  pages={94--103},
  year={2012},
  publisher={Elsevier}
}


@ARTICLE{BeloglazovAndBuyya2013, 
author={A. Beloglazov and R. Buyya}, 
journal={IEEE Transactions on Parallel and Distributed Systems}, 
title={Managing Overloaded Hosts for Dynamic Consolidation of Virtual Machines in Cloud Data Centers under Quality of Service Constraints}, 
year={2013}, 
volume={24}, 
number={7}, 
pages={1366-1379}, 
keywords={benchmark testing;cloud computing;computer centres;file servers;Markov processes;performance evaluation;power aware computing;quality of service;statistical analysis;virtual machines;overloaded host management;virtual machines;cloud data centers;quality of service constraints;resource utilization;energy efficiency;VM reallocation;dynamic VM consolidation;server overloads;resource shortages;performance degradation;statistical analysis;QoS goal;host overload detection;mean intermigration time;Markov chain model;unknown nonstationary workloads;multisize sliding window workload estimation technique;PlanetLab VMs;benchmark algorithm;optimal offline algorithm;Quality of service;Measurement;Detection algorithms;Resource management;Approximation algorithms;Servers;Heuristic algorithms;Distributed systems;cloud computing;virtualization;dynamic consolidation;energy efficiency;host overload detection}, 
doi={10.1109/TPDS.2012.240}, 
ISSN={1045-9219}, 
month={July},}


@INPROCEEDINGS{HiltunenEtAl2010,
author = {M. A. Hiltunen and R. D. Schlichting and G. Jung and C. Pu and K. R. Joshi},
booktitle = {2010 IEEE 30th International Conference on Distributed Computing Systems(ICDCS)},
title = {Mistral: Dynamically Managing Power, Performance, and Adaptation Cost in Cloud Infrastructures},
year = {2010},
volume = {00},
number = {},
pages = {62-73},
keywords={server consolidation; virtualization; optimization; power; performance; adaptation overheads},
doi = {10.1109/ICDCS.2010.88},
url = {doi.ieeecomputersociety.org/10.1109/ICDCS.2010.88},
ISSN = {1063-6927},
month={06}
}

@INPROCEEDINGS{ToosiAndBuyya2015, 
author={A. N. Toosi and R. Buyya}, 
booktitle={2015 IEEE/ACM 8th International Conference on Utility and Cloud Computing (UCC)}, 
title={A Fuzzy Logic-Based Controller for Cost and Energy Efficient Load Balancing in Geo-distributed Data Centers}, 
year={2015}, 
volume={}, 
number={}, 
pages={186-194}, 
keywords={cloud computing;computer centres;energy conservation;fuzzy control;resource allocation;EIA;Energy Information Administration;Google cluster-usage;NREL;National Renewable Energy Laboratory;cloud services;energy efficient load balancing;future electricity price;fuzzy logic-based controller;fuzzy logic-based load balancing algorithm;geodistributed data centers;renewable energy availability;Cloud computing;Data models;Load management;Load modeling;Renewable energy sources;Routing;Cloud Provider;Cost;Energy Efficiency;Fuzzy Logic;Geographical Load Balancing;Load Balancing;Renewable Energy}, 
doi={10.1109/UCC.2015.35}, 
ISSN={}, 
month={Dec},}

@article{puccloudsim,
  title={Cloudsim: A novel framework for modeling and simulation of cloud computing infrastructures and services},
  author={Calheiros, Rodrigo N and Ranjan, Rajiv and De Rose, C{\'e}sar AF and Buyya, Rajkumar},
  journal={arXiv preprint arXiv:0903.2525},
  year={2009}
}


@article{CoMon2006,
 author = {Park, KyoungSoo and Pai, Vivek S.},
 title = {CoMon: A Mostly-scalable Monitoring System for PlanetLab},
 journal = {SIGOPS Oper. Syst. Rev.},
 issue_date = {January 2006},
 volume = {40},
 number = {1},
 month = jan,
 year = {2006},
 issn = {0163-5980},
 pages = {65--74},
 numpages = {10},
 url = {http://doi.acm.org/10.1145/1113361.1113374},
 doi = {10.1145/1113361.1113374},
 acmid = {1113374},
 publisher = {ACM},
 address = {New York, NY, USA},
} 

@INPROCEEDINGS{Juzzy2013, 
author={C. Wagner}, 
booktitle={2013 IEEE Symposium on Advances in Type-2 Fuzzy Logic Systems (T2FUZZ)}, 
title={Juzzy - A Java based toolkit for Type-2 Fuzzy Logic},
year={2013}, 
volume={}, 
number={}, 
pages={45-52}, 
keywords={fuzzy logic;fuzzy reasoning;Java;software tools;Juzzy;Java based toolkit;general type-2 fuzzy logic system;zSlices;type-2 FLS;source code;toolkit development;fuzzy inference;Fuzzy sets;Fuzzy logic;Java;MATLAB;Fuzzy systems;Communities;fuzzy systems;type-2;toolkit;fuzzy inference;software;open-source;multi-core;Java}, 
doi={10.1109/T2FZZ.2013.6613298}, 
ISSN={}, 
month={April},}

@article{beloglazov2012optimal,
  title={Optimal online deterministic algorithms and adaptive heuristics for energy and performance efficient dynamic consolidation of virtual machines in cloud data centers},
  author={Beloglazov, Anton and Buyya, Rajkumar},
  journal={Concurrency and Computation: Practice and Experience},
  volume={24},
  number={13},
  pages={1397--1420},
  year={2012},
  publisher={Wiley Online Library}
}

@manual{Type2FuzzyLogicToolbox,
  title         = {"User’s Guide, Interval Type-2 Fuzzy Logic Toolbox For Use with MATLAB"},
  howpublished  = "{Tijuana Campus/Mexico}",
  organization  = "Institute of Technology and Baja California Autonomous University",
  year          = "2005-2008"
}

@Article{CastroCastillo2007,
  title =	"Interval Type-2 Fuzzy Logic Toolbox",
  author =	"Juan R. Castro and Oscar Castillo and Luis G.
		 Mart{\'i}nez",
  journal =	"Engineering Letters",
  year = 	"2007",
  number =	"1",
  volume =	"15",
  bibdate =	"2009-11-14",
  pages =	"89--98",
}

@inproceedings{moura2018int,
  title={Int-fGrid: BoT Tasks Scheduling Exploring Fuzzy Type-2 in Computational Grids},
  author={Moura, Bruno MP and Schneider, Guilherme B and Yamin, Adenauer C and Pilla, Mauricio L and Reiser, Renata HS},
  booktitle={2018 IEEE International Conference on Fuzzy Systems (FUZZ-IEEE)},
  pages={1--8},
  year={2018},
  organization={IEEE}
}

@article{yager2004generalized,
  title={Generalized OWA aggregation operators},
  author={Yager, Ronald R},
  journal={Fuzzy Optimization and Decision Making},
  volume={3},
  number={1},
  pages={93--107},
  year={2004},
  publisher={Springer}
}

@phdthesis{beloglazov2013energy,
  title={Energy-efficient management of virtual machines in data centers for cloud computing},
  author={Beloglazov, Anton},
  year={2013}
}

@inproceedings{ferdaus2014virtual,
  title={Virtual machine consolidation in cloud data centers using ACO metaheuristic},
  author={Ferdaus, Md Hasanul and Murshed, Manzur and Calheiros, Rodrigo N and Buyya, Rajkumar},
  booktitle={European conference on parallel processing},
  pages={306--317},
  year={2014},
  organization={Springer}
}

@article{xu2002uncertain,
  title={The uncertain OWA operator},
  author={Xu, ZS and Da, Qing-Li},
  journal={International Journal of Intelligent Systems},
  volume={17},
  number={6},
  pages={569--575},
  year={2002},
  publisher={Wiley Online Library}
}

@article{yager2004owa,
  title={OWA aggregation over a continuous interval argument with applications to decision making},
  author={Yager, Ronald R},
  journal={IEEE Transactions on Systems, Man, and Cybernetics, Part B (Cybernetics)},
  volume={34},
  number={5},
  pages={1952--1963},
  year={2004},
  publisher={IEEE}
}

@article{chun2003planetlab,
  title={Planetlab: an overlay testbed for broad-coverage services},
  author={Chun, Brent and Culler, David and Roscoe, Timothy and Bavier, Andy and Peterson, Larry and Wawrzoniak, Mike and Bowman, Mic},
  journal={ACM SIGCOMM Computer Communication Review},
  volume={33},
  number={3},
  pages={3--12},
  year={2003},
  publisher={ACM}
}

@article{amazon2015amazon,
  title={Amazon web services},
  author={Amazon, EC},
  journal={Available in: http://aws. amazon. com/es/ec2/(November 2012)},
  year={2015}
}